% Encoding: windows-1252

@MastersThesis{PaperDas,
  author = {Das, Somak R},
  title  = {Evaluation of QUIC on web page performance},
  school = {Massachusetts Institute of Technology. Department of Electrical Engineering and Computer Science.},
  year   = {2014},
}

@Unpublished{websiteStats,
  author = {http://httparchive.org/},
  title  = {Statistics on the average website size},
  note   = {http://httparchive.org/interesting.php},
}

@Comment{jabref-meta: databaseType:bibtex;}
